<?xml version="1.0" encoding="UTF-8"?><collection xmlns="http://www.loc.gov/MARC21/slim"><record><leader>00372nam--2200133-i-4500</leader><controlfield tag="001">000001426</controlfield><controlfield tag="002">20161230</controlfield><controlfield tag="005">20161230201024</controlfield><controlfield tag="008">060222s1000------------r-----000-0-eng-d</controlfield><datafield ind1=" " ind2=" " tag="080"><subfield code="a">538.9:530.145.3</subfield></datafield><datafield ind1=" " ind2=" " tag="100"><subfield code="a">Gliemann, Gunter,. Schlafer, Hans L</subfield></datafield><datafield ind1=" " ind2=" " tag="245"><subfield code="a">Basic principles of ligand field theory</subfield></datafield><datafield ind1=" " ind2=" " tag="260"><subfield code="a">London, Wiley-interscience, 1969. Xv + 535 P</subfield></datafield><datafield ind1=" " ind2=" " tag="852"><subfield code="a">77320</subfield></datafield></record></collection>